 @article{cite:0,
  author = {Jospepht, Heather},
  title = {The Scholarly Publishing and Academic Resources Coalition: An evolving agenda},
  journal = {C&RL News},
  month = feb,
  year = 2006,
  volume = 67,
  number = 2,
  pages = }